@misc{Tzu-ChiHuang2015StopFun,
    title = {{Stop Creating New Drupal Core Just for Fun!}},
    year = {2015},
    author = {{Tzu-Chi Huang}},
    url = {https://www.drupal.org/node/2464137}
}

@misc{BuiltWith2015CMSStatistics,
    title = {{CMS Usage Statistics}},
    year = {2015},
    author = {{BuiltWith}},
    url = {http://trends.builtwith.com/cms}
}

@misc{GoLiveUK2015WebsiteWordPress,
    title = {{Website Development with WordPress}},
    year = {2015},
    author = {{Go Live UK}},
    url = {https://www.goliveuk.com/blog/entryid/68/top-5-most-popular-content-management-systems-cms-for-website-development}
}

@misc{KohanBernard2010WhatCMS,
    title = {{What is a Content Management System (CMS)?}},
    year = {2010},
    booktitle = {15 november},
    author = {{Kohan Bernard}},
    url = {http://www.comentum.com/what-is-cms-content-management-system.html}
}

@misc{W3Techs2016UsageWebsites,
    title = {{Usage of content management systems for websites}},
    year = {2016},
    booktitle = {18 maart},
    author = {{W3Techs}},
    url = {http://w3techs.com/technologies/overview/content{\_}management/all}
}

@misc{WordPressAboutWordPress,
    title = {{About WordPress}},
    author = {{WordPress}},
    doi = {https://wordpress.org/about/}
}

@misc{W3Techs2016UsageWebsitesb,
    title = {{Usage statistics and market share of Drupal for websites}},
    year = {2016},
    booktitle = {18 maart},
    author = {{W3Techs}},
    url = {http://w3techs.com/technologies/details/cm-drupal/all/all}
}

@misc{BuiltWith2016DrupalStatistics,
    title = {{Drupal 7 Usage Statistics}},
    year = {2016},
    booktitle = {11 maart},
    author = {{BuiltWith}},
    url = {http://trends.builtwith.com/cms/Drupal-7}
}

@misc{MCDpartners2015DrupalLook,
    title = {{Drupal Pros and Cons: An In Depth Look}},
    year = {2015},
    booktitle = {23 februari},
    author = {{MCD partners}},
    url = {https://mcdpartners.com/lab/drupal-pros-and-cons/}
}

@misc{Google2016GoogleTrends,
    title = {{Google trends}},
    year = {2016},
    booktitle = {26 februari},
    author = {{Google}},
    url = {https://www.google.com/trends/explore{\#}q={\%}2Fm{\%}2F0jwy148{\%}2C{\%}20{\%}2Fm{\%}2F02qgdkj{\%}2C{\%}20{\%}2Fm{\%}2F0cdvjh{\%}2C{\%}20Symfony{\%}2C{\%}20Yii{\&}cmpt=q{\&}tz=Etc{\%}2FGMT-1}
}

@misc{Google2016GoogleTrendsb,
    title = {{Google trends}},
    year = {2016},
    booktitle = {26 februari},
    author = {{Google}},
    url = {https://www.google.com/trends/explore{\#}q={\%}2Fm{\%}2F0jwy148{\%}2C{\%}20{\%}2Fm{\%}2F02qgdkj{\%}2C{\%}20FuelPHP{\%}2C{\%}20Phalcon{\%}2C{\%}20{\%}2Fm{\%}2F09t3sp{\&}cmpt=q{\&}tz=Etc{\%}2FGMT-1},
    doi = {2016-02-26}
}

@misc{Google2016GoogleLaravel,
    title = {{Google trends Drupal vs Laravel}},
    year = {2016},
    booktitle = {26 februari},
    author = {{Google}},
    url = {https://www.google.com/trends/explore{\#}q={\%}2Fm{\%}2F0jwy148{\%}2C{\%}20{\%}2Fm{\%}2F01641s{\&}cmpt=q{\&}tz=Etc{\%}2FGMT-1}
}

@book{McCoolShawn2012LaravelStarter,
    title = {{Laravel Starter}},
    year = {2012},
    author = {{McCool Shawn}},
    publisher = {Packt Publisher Ltd.},
    url = {https://books.google.be/books?hl=en{\&}lr={\&}id=pIBevFHNX3oC{\&}oi=fnd{\&}pg=PT5{\&}dq=php+framework+laravel{\&}ots=B7tLh0Sp06{\&}sig=A2AdiZXff3LUPGPk8XC2-pl2xbg{\#}v=onepage{\&}q{\&}f=false},
    address = {Birmingham}
}

@misc{Google2016GoogleCMS,
    title = {{Google Trends Laravel CMS}},
    year = {2016},
    author = {{Google}},
    url = {https://www.google.com/trends/explore{\#}q=OctoberCMS{\%}2C{\%}20BootstrapCMS{\%}2C{\%}20LavaLite{\%}2C{\%}20AsgardCms{\%}2C{\%}20TypiCMS{\&}cmpt=q{\&}tz=Etc{\%}2FGMT-1}
}

@misc{ArcherSimon2015LaravelDifferences,
    title = {{Laravel to October CMS: The Differences}},
    year = {2015},
    booktitle = {25 mei},
    author = {{Archer Simon}},
    url = {http://www.archybold.com/blog/post/laravel-vs-october-cms-differences-part-1}
}

@misc{OctoberCMS2015PUTTINGWORDS,
    title = {{PUTTING OCTOBERCMS INTO WORDS}},
    year = {2015},
    booktitle = {Apr 01},
    author = {{OctoberCMS}},
    url = {http://octobercms.com/blog/post/putting-octobercms-words}
}

@misc{LearnTogether2016InstallXAMPP,
    title = {{Install OctoberCMS on XAMPP}},
    year = {2016},
    author = {{Learn Together}},
    url = {https://www.youtube.com/watch?v=VJd9O4uLheY}
}

@misc{GruberJohn2004Markdown,
    title = {{Markdown}},
    year = {2004},
    booktitle = {17 Dec},
    author = {{Gruber John}},
    url = {https://daringfireball.net/projects/markdown/}
}

@misc{LearnByTheDrop2011Installing7,
    title = {{Installing Drupal 7}},
    year = {2011},
    author = {{Learn By The Drop}},
    url = {https://www.youtube.com/watch?gl=BE{\&}v=7vPnlK1yiLw}
}

@misc{Siddharth200915Framework,
    title = {{15 Most Important Considerations when Choosing a Web Development Framework}},
    year = {2009},
    author = {{Siddharth}},
    url = {http://code.tutsplus.com/tutorials/15-most-important-considerations-when-choosing-a-web-development-framework--net-8035}
}

@misc{Drupal2016CommunityDocumentation,
    title = {{Community Documentation}},
    year = {2016},
    author = {{Drupal}},
    url = {https://www.drupal.org/glossary}
}

@misc{FalkJohan2015LearningDrupal,
    title = {{Learning Drupal}},
    year = {2015},
    author = {{Falk Johan}},
    url = {http://wunderkraut.com/tags/learning-drupal}
}

@misc{Drupal2016CommunityDocumentationb,
    title = {{Community Documentation}},
    year = {2016},
    author = {{Drupal}},
    url = {https://www.drupal.org/documentation}
}

@misc{Drupalize-meDrupalTutorials,
    title = {{Drupal Tutorials}},
    author = {{Drupalize-me}},
    url = {https://drupalize.me/tutorials}
}

@misc{BuildAModule2016BuildAModuleCollections,
    title = {{BuildAModule Video Collections}},
    year = {2016},
    author = {{BuildAModule}},
    url = {https://buildamodule.com/collections}
}

@misc{Drupal2016DrupalMarketplace,
    title = {{Drupal 7 Marketplace}},
    year = {2016},
    author = {{Drupal}},
    url = {https://www.drupal.org/books?availability{\%}5B{\%}5D=38414{\&}version{\%}5B{\%}5D=120{\&}audience{\%}5B{\%}5D=1756{\&}format{\%}5B{\%}5D=38422}
}

@misc{Udemy2016UdemyCourses,
    title = {{Udemy online courses}},
    year = {2016},
    author = {{Udemy}},
    url = {https://www.udemy.com/courses/search/?ref=home{\&}src=ukw{\&}q=drupal{\&}lang=en}
}

@misc{Drupal2015ModuleGuide,
    title = {{Module developer's guide}},
    year = {2015},
    author = {{Drupal}},
    url = {https://www.drupal.org/developing/modules}
}

@misc{BobkovAlexeyPUTTINGWORDS,
    title = {{PUTTING OCTOBERCMS INTO WORDS}},
    booktitle = {2015},
    author = {Bobkov Alexey, Georges Samuel},
    url = {https://octobercms.com/blog/post/putting-octobercms-words}
}

@misc{BobkovAlexey2016OctoberCMSDocumentation,
    title = {{OctoberCMS Documentation}},
    year = {2016},
    author = {Bobkov Alexey, Georges Samuel},
    url = {https://octobercms.com/docs/cms/content}
}

@misc{OctoberCMS2016OctoberCMSRESOURCES,
    title = {{OctoberCMS USEFUL RESOURCES}},
    year = {2016},
    author = {{OctoberCMS}},
    url = {https://octobercms.com/resources}
}

@misc{PacurarFilip2015Octo-Help,
    title = {{Octo-Help}},
    year = {2015},
    author = {{Pacurar Filip}},
    url = {http://octo-help.com/}
}

@misc{SitePoint2016SitePointTutorials,
    title = {{SitePoint tutorials}},
    year = {2016},
    author = {{SitePoint}},
    url = {http://www.sitepoint.com/?s=octobercms}
}

@misc{Drupal2016WhereCommunity,
    title = {{Where is the Drupal Community?}},
    year = {2016},
    author = {{Drupal}},
    url = {https://www.drupal.org/community}
}

@misc{Drupal2016CommunityForum,
    title = {{Community Forum}},
    year = {2016},
    author = {{Drupal}},
    url = {https://www.drupal.org/forum}
}

@misc{OctoberCMS2016OctoberCMSDocumentation,
    title = {{OctoberCMS github documentation}},
    year = {2016},
    author = {{OctoberCMS}},
    url = {https://github.com/octobercms/docs}
}

@misc{OctoberCMS2016OctoberCMSGithub,
    title = {{OctoberCMS github}},
    year = {2016},
    author = {{OctoberCMS}},
    url = {https://github.com/octobercms/october}
}

@misc{aroraVarun2013WhyPlatform,
    title = {{Why we stopped using Drupal for our platform}},
    year = {2013},
    author = {{arora Varun}},
    url = {http://blog.varunarora.com/why-we-stopped-using-drupal-for-our-platform/}
}

@misc{AroraSunil2015PHPDevelopment,
    title = {{PHP Frameworks: The Best 10 for Modern Web Development}},
    year = {2015},
    author = {{Arora Sunil}},
    url = {http://noeticforce.com/best-php-frameworks-for-modern-web-development}
}

@misc{BuiltWith2016LaravelStatistics,
    title = {{Laravel Usage Statistics}},
    year = {2016},
    author = {{BuiltWith}},
    url = {http://trends.builtwith.com/framework/Laravel}
}

@misc{BresnickStephen2015VersionManagement,
    title = {{Version Control and Configuration Management}},
    year = {2015},
    author = {{Bresnick Stephen}},
    url = {https://www.drupal.org/node/2460853}
}

@misc{SuryaSteve2015CMSBusiness,
    title = {{CMS or PHP Framework: Which technology is better for my business?}},
    year = {2015},
    author = {{Surya Steve}},
    url = {http://www.ithands.com/blog/cms-or-php-framework-which-technology-is-better-for-my-business/}
}

@misc{OSullivanPadraig2012DiggingSchema,
    title = {{Digging into Drupal's Schema}},
    year = {2012},
    author = {{O'Sullivan Padraig}},
    url = {http://posulliv.github.io/2012/08/02/drupal-er-diagram/}
}

@misc{BabenkoYuriy2016WhenChoice,
    title = {{When is Drupal not the right choice?}},
    year = {2016},
    author = {{Babenko Yuriy}},
    url = {http://yuriybabenko.com/blog/when-drupal-not-right-choice}
}

@misc{Drupal.org2016DrupalModules,
    title = {{Drupal Modules}},
    year = {2016},
    author = {{Drupal.org}},
    url = {https://www.drupal.org/project/project{\_}module?f{\%}5B0{\%}5D={\&}f{\%}5B1{\%}5D={\&}f{\%}5B2{\%}5D={\&}f{\%}5B3{\%}5D=drupal{\_}core{\%}3A103{\&}f{\%}5B4{\%}5D=sm{\_}field{\_}project{\_}type{\%}3Afull{\&}text={\&}solrsort=iss{\_}project{\_}release{\_}usage+desc{\&}op=Search}
}